@book{tobias1993,
  title={Overcoming math anxiety},
  author={Tobias, Sheila},
  year={1993},
  publisher={WW Norton}
}

@book{favre2005,
  title={Comprendre le monde pour le changer},
  author={Favre, Pierre},
  year={2005},
  address = {Paris},
  publisher={Presses de Sciences Po}
}

@book{fox1999,
  title={Statistiques sociales},
  author={Fox, William},
  year={1999},
  publisher={Presses Université Laval}
}

@book{petry2003,
  title={Guide pratique d'introduction à la régression en sciences sociales},
  author={Pétry, François and Gélineau, François},
  year={2003},
  publisher={Presses Université Laval}
}

@book{kachigan1986statistical,
  title={Statistical analysis: An interdisciplinary introduction to univariate \& multivariate methods},
  author={Kachigan, Sam Kash},
  year={1986},
  publisher={Radius Press}
}

@book{tabachnick2001,
  title={Using multivariate statistics},
  author={Tabachnick, Barbara G and Fidell, Linda S and Osterlind, Steven J},
  year={2001},
  publisher={Allyn and Bacon Boston}
}

@book{gelman2006,
  title={Data analysis using regression and multilevel/hierarchical models},
  author={Gelman, Andrew and Hill, Jennifer},
  year={2006},
  publisher={Cambridge university press}
}

@article{Benjamin2017,
  doi = {10.1038/s41562-017-0189-z},
  url = {https://doi.org/10.1038/s41562-017-0189-z},
  year  = {2017},
  month = {sep},
  publisher = {Springer Nature},
  volume = {2},
  number = {1},
  pages = {6--10},
  author = {Daniel J. Benjamin and James O. Berger and Magnus Johannesson and Brian A. Nosek and E.-J. Wagenmakers and Richard Berk and Kenneth A. Bollen and Bj\"{o}rn Brembs and Lawrence Brown and Colin Camerer and David Cesarini and Christopher D. Chambers and Merlise Clyde and Thomas D. Cook and Paul De Boeck and Zoltan Dienes and Anna Dreber and Kenny Easwaran and Charles Efferson and Ernst Fehr and Fiona Fidler and Andy P. Field and Malcolm Forster and Edward I. George and Richard Gonzalez and Steven Goodman and Edwin Green and Donald P. Green and Anthony G. Greenwald and Jarrod D. Hadfield and Larry V. Hedges and Leonhard Held and Teck Hua Ho and Herbert Hoijtink and Daniel J. Hruschka and Kosuke Imai and Guido Imbens and John P. A. Ioannidis and Minjeong Jeon and James Holland Jones and Michael Kirchler and David Laibson and John List and Roderick Little and Arthur Lupia and Edouard Machery and Scott E. Maxwell and Michael McCarthy and Don A. Moore and Stephen L. Morgan and Marcus Munaf{\'{o}} and Shinichi Nakagawa and Brendan Nyhan and Timothy H. Parker and Luis Pericchi and Marco Perugini and Jeff Rouder and Judith Rousseau and Victoria Savalei and Felix D. Sch\"{o}nbrodt and Thomas Sellke and Betsy Sinclair and Dustin Tingley and Trisha Van Zandt and Simine Vazire and Duncan J. Watts and Christopher Winship and Robert L. Wolpert and Yu Xie and Cristobal Young and Jonathan Zinman and Valen E. Johnson},
  title = {Redefine statistical significance},
  journal = {Nature Human Behaviour}
}

@article{Lakens2018,
  doi = {10.17605/osf.io/9s3y6},
  url = {https://psyarxiv.com/9s3y6/},
  author = {Lakens,  Daniel and Adolfi,  Federico and Albers,  Casper and Anvari,  Farid and Apps,  Matthew and Argamon,  Shlomo and van Assen,  Marcel and Baguley,  Thom and Becker,  Raymond and Benning,  Stephen and Bradford,  Daniel and Buchanan,  Erin and Caldwell,  Aaron and van Calster,  Ben and Carlsson,  Rickard and Chen,  Sau-Chin and Chung,  Bryan and Colling,  Lincoln and Collins,  Gary and Crook,  Zander and Cross,  Emily and Daniels,  Sameera and Danielsson,  Henrik and DeBruine,  Lisa and Dunleavy,  Daniel and Earp,  Brian and feist,  michele and Ferrell,  Jason and Field,  James and Fox,  Nick and Friesen,  Amanda and Gomes,  Caio and Grange,  Jim and Grieve,  Andrew and Guggenberger,  Robert and Van Harmelen,  Anne-Laura and Hasselman,  Fred and Hochard,  Kevin and Hoffarth,  Mark and Holmes,  Nicholas and Ingre,  Michael and Isager,  Peder and Isotalus,  Hanna and Johansson,  Christer and Juszczyk,  Konrad and Kenny,  David and Khalil,  Ahmed and Konat,  Barbara and Lao,  Junpeng and Larsen,  Erik and Lodder,  Gerine and Lukavsky,  Jiri and Madan,  Christopher and Manheim,  David and Gonzalez-Marquez,  Monica and Martin,  Stephen and Martin,  Andrea and Mayo,  Deborah and McCarthy,  Randy and McConway,  Kevin and McFarland,  Colin and Nilsonne,  Gustav and Nio,  Amanda and Lino de Oliveira,  Cilene and Parsons,  Sam and Pfuhl,  Gerit and Quinn,  Kimberly and Sakon,  John and Saribay,  Selahattin and Schneider,  Iris and Selvaraju,  Manojkumar and Sjoerds,  Zsuzsika and Smith,  Samuel and Smits,  Tim and Spies,  Jeffrey and Sreekumar,  Vishnu and Steltenpohl,  Crystal and Stenhouse,  Neil and Świątkowski,  Wojciech and Vadillo,  Miguel and Williams,  Matt and williams,  samantha and Williams,  Donald and Orban de Xivry,  Jean-Jacques and Yarkoni,  Tal and Ziano,  Ignazio and Zwaan,  Rolf},
  keywords = {Social and Behavioral Sciences},
  title = {Justify Your Alpha},
  pages = {--},
  publisher = {PsyArXiv},
  year = {2017}
}